% This file was created with JabRef 2.7b.
% Encoding: ISO8859_2

@InCollection{Sem,
  author = {Gliñski, W.},
  title = {Jêzyki i narzêdzia do tworzenia i wyszukiwania ontologii w kontekœcie semantycznego weba},
  booktitle = {Od informacji naukowej do technologii spo³eczeñstwa informacyjnego: praca zbiorowa / pod red. Barbary Sosiñskiej-Kalaty i Marii Przastek-Samokowej},
  address = {Warszawa},
  publisher = {Wydaw. SBP},
  year = {2005},
}

@InCollection{onto,
  author = {Gliñski, W.},
  title = {Ontologie. Próba uporz¹dkowania terminologicznego chaosu},
  booktitle = {Od informacji naukowej do technologii spo³eczeñstwa informacyjnego: praca zbiorowa / pod red. Barbary Sosiñskiej-Kalaty i Marii Przastek-Samokowej},
  address = {Warszawa},
  publisher = {Wydaw. SBP},
  year = {2005},
}

@InCollection{jezyki,
  author = {Sobczak, A.},
  title = {Analiza wybranych jêzyków stosowanych do budowy ontologii},
  booktitle = {Polskie Stowarzyszenie Zarz¹dzania Wiedz¹ - Studia i Materia³y nr 7},
  address = {Warszawa},
  year = {2006},
}

@article{roszk_onto,
  title={Do czego potrzebne s{\k{a}} nam ontologie? Charakterystyka funkcjonalna ontologii jako narz{\k{e}}dzi reprezentacji wiedzy.},
  author={Roszkowski, Marcin},
  year={2013}
}


@InCollection{uschold_onto,
  author = {Uschold, M. and Gruninger, M.},
  title = {Ontologies: Principles, methods and applications},
  booktitle = {Knowledge Engineering Review, Volume 11, Number 2},
  year = {2014},
}

@InCollection{guide,
  author = {Noy, N. and McGuinness, D.},
  title = {What is an ontology and why we need it?},
  booktitle = {Ontology Development 101: A Guide to Creating Your First Ontology},
  publisher = {http://liris.cnrs.fr/alain.mille/enseignements/Ecole\_Centrale/}
}

@InCollection{logika,
  author = {Józefowska, J.},
  title = {Ontologie. Logiki deskrypcyjne},
  publisher = {http://www.cs.put.poznan.pl/jjozefowska/wyklady/ai/Ontologie.pdf},
}

@InCollection{grafy,
  author = {Sowa, J. F.},
  title = {Conceptual Graphs},
  booktitle = {Handbook of Knowledge Representation},
  year = {2008}
}

@BOOK{rep_wiedzy,
  author = {Paquette, G.},
	title = {Visual Knowledge Modeling for Semantic Web Technologies: Models and Ontologies},
  publisher = {Information Science Reference},
	year = {2010},
}
	
@BOOK{know_mod,
	author = {Cuena J. and Molina M.},
	title = {The Role of Knowledge Modeling Techniques
	in Software Development: A General Approach Based on a 		Knowledge Management Tool},
  publisher = {International Journal of Human and Computer Studies},
	year = {2000},
}


@BOOK{know_mod_ontology,
	author = {Yang D. and Miao R. and Hongwei W. and Yiting Z.},
	title = {Product configuration knowledge modeling using ontology web language},
  publisher = {Expert Systems with Applications (36)},
	year = {2009},
}

@manual{manual_owl,
  title        = {OWL Web Ontology Language Overview, W3C Recommendation}, 
  organization = {World Wide Web Consortium},  
  year         = 2004  
}

@manual{manual_rdf,
  title        = {RDF 1.1 Concepts and Abstract Syntax, W3C Recommendation}, 
  organization = {World Wide Web Consortium},  
  year         = 2004  
}

@manual{manual_rdfs,
  title        = {RDF Schema 1.1, W3C Recommendation}, 
  organization = {World Wide Web Consortium},  
  year         = 2004  
}